@Book{cormen,
    title =   "Introduction to Algorithms, 3rd Edition",
    author =    "Thomas H. Cormen and Charles E. Leiserson and Ronald
        L. Rivest and Clifford Stein",
    publisher =   "MIT Press",
    year =  "2009",
    bibdate = "2017-05-12",
    ISBN =  "978-0-262-03384-8; 9780262533058",
    pages =   "I--XIX, 1--1292",
    URL =
        "http://mitpress.mit.edu/books/introduction-algorithms;
        http://www.worldcat.org/oclc/698955316",
}
@InProceedings{Cook,
    author =  "S.~A. Cook",
    title = "The complexity of theorem proving procedures",
    booktitle =   "stoc71",
    year =  "1971",
    pages =   "151--158",
}
@inproceedings{silva1997grasp,
    title={GRASPâ€”a new search algorithm for satisfiability},
    author={Silva, Jo{\~a}o P Marques and Sakallah, Karem A},
    booktitle={Proceedings of the 1996 IEEE/ACM international conference
        on Computer-aided design},
    pages={220--227},
    year={1997},
    organization={IEEE Computer Society}
}
