@book{FHMV95,
	author =	"R.~Fagin and J.~Y.~Halpern and Y.~Moses and M.~Y.~Vardi",
        title  =        "Reasoning About Knowledge", 
	year =		"1995",
	publisher   =   {MITpress},
        address =       {Cambridge, MA, USA},
	comments    =	"Bib file knowledge.bib (Clare)",
        isbn = {0-262-06162-7},
	location    =	"cldcopy"
}

@inproceedings{rao:91c,
	author          = "Rao, A. S. and Georgeff, M. P.",
    	title           = "{Modeling Rational Agents within a {BDI}-Architecture}",
	editor      	= "R. Fikes and E. Sandewall",
    	booktitle   	= "Proceedings of Knowledge Representation and Reasoning
    (KR{\&}R-91)",
	pages		= {473--484},
	publisher   	= "Morgan-Kaufmann",
	month       	= apr,
	year        	= 1991,
        address = "Cambridge, MA, USA",
}

@article{HMM83,
	author =	"J. Halpern and Z. Manna and B. Moszkowski",
	title =		"{A} {H}ardware {S}emantics {B}ased on {T}emporal {I}ntervals",
	journal =	{Lecture Notes in Computer Science},
	volume =	154,
	pages =		"278--291",
	year =		1983,
	location =	"mdfcopy"
}

@book{Hai82,
	author =	"B. T. Hailpern",
	title =		"Verifying Concurrent Processes Using Temporal Logic",
	year =		1982,
	series =	{Lecture Notes in Computer Science},
	volume =	129,
	publisher =	{Springer-Verlag},
        address =	"Berlin/New York",
	location =	"JRlib"
}
