@book{fitting,
    title={First-order modal logic},
    author={Fitting, Melvin and Mendelsohn, Richard L},
    volume={277},
    year={2012},
    publisher={Springer Science \& Business Media}
}

@Article{journals/jal/NalonD07,
    title =   "Clausal resolution for normal modal logics",
    author =    "Cl{\'a}udia Nalon and Clare Dixon",
    journal = "J. Algorithms",
    year =  "2007",
    number =  "3-4",
    volume =    "62",
    bibdate = "2017-05-28",
    bibsource = "DBLP,
    http://dblp.uni-trier.de/https://doi.org/10.1016/j.jalgor.2007.04.001;
    DBLP,
        http://dblp.uni-trier.de/db/journals/jal/jal62.html#NalonD07",
        pages =  "117--134",
}

@article{fine1975,
    author = "Fine, Kit",
    doi = "10.1305/ndjfl/1093891703",
    fjournal = "Notre Dame Journal of Formal Logic",
    journal = "Notre Dame J. Formal Logic",
    month = "04",
    number = "2",
    pages = "229--237",
    publisher = "Duke University Press",
    title = "Normal forms in modal logic.",
    url = "http://dx.doi.org/10.1305/ndjfl/1093891703",
    volume = "16",
    year = "1975"
}

@book{blackburn2002modal,
  title={Modal Logic: Graph. Darst},
  author={Blackburn, Patrick and {de} Rijke, Maarten and Venema, Yde},
  volume={53},
  year={2002},
  publisher={Cambridge University Press}
}

@book{chellas:modal_logic,
	author    = {B.~F.~Chellas},
	title     = {Modal logic --- an introduction},
	publisher = {Press Syndicate of the University of Cambridge},
	address   = {London},
	year      = {1980}
}

@article{goranko1992using,
    title={Using the universal modality: gains and questions},
    author={Goranko, Valentin and Passy, Solomon},
    journal={Journal of Logic and Computation},
    volume={2},
    number={1},
    pages={5--30},
    year={1992},
    publisher={Oxford University Press}
}

@article{plaisted1986structure,
    title={A structure-preserving clause form translation},
    author={Plaisted, David A. and Greenbaum, Steven},
    journal={Journal of Symbolic Computation},
    volume={2},
    number={3},
    pages={293--304},
    year={1986},
    publisher={Elsevier}
}
@article{giunchiglia2002sat,
    title={SAT-based decision procedures for classical modal logics},
    author={Giunchiglia, Enrico and Tacchella, Armando and Giunchiglia,
        Fausto},
    journal={Journal of Automated Reasoning},
    volume={28},
    number={2},
    pages={143--171},
    year={2002},
    publisher={Springer}
}
@Misc{vsidsincdcl,
    title =   "Understanding VSIDS Branching Heuristics in
        Conflict-Driven Clause-Learning SAT Solvers",
    author =    "Jia Hui Liang and Vijay Ganesh and Ed Zulkoski and
        Atulan Zaman and Krzysztof Czarnecki",
    year =    "2015",
    month = sep # "~14",
    bibsource = "OAI-PMH server at export.arxiv.org",
    oai =     "oai:arXiv.org:1506.08905",
    subject =   "Computer Science - Logic in Computer Science;
    F.4.1",
    URL =   "http://arxiv.org/abs/1506.08905"
}
@inproceedings{audemard2009predicting,
    title={Predicting Learnt Clauses Quality in Modern SAT Solvers.},
    author={Audemard, Gilles and Simon, Laurent},
    booktitle={IJCAI},
    volume={9},
    pages={399--404},
    year={2009}
}

@book{bratman1987intention,
    title={Intention, plans, and practical reason},
    author={Bratman, Michael},
    year={1987},
    address={California, USA},
    publisher={Center for the Study of Language and Information}
}

@article{mdml,
    author    = {D.~Gabbay and A.~Kurucz and F.~Wolter and M.~Zakharyaschev},
	title     = {Many-Dimensional modal logics: theory and applications},
	journal   = {Studies in logic and the foundations of Mathematics },
	volume    = {148},
	year      = {2003},
}
@article{wos1965efficiency,
    title={Efficiency and completeness of the set of support strategy in
        theorem proving},
    author={Wos, Lawrence and Robinson, George A and Carson, Daniel F},
    journal={Journal of the ACM (JACM)},
    volume={12},
    number={4},
    pages={536--541},
    year={1965},
    publisher={ACM}
}
