@article{DavisPutman:1960,
    author = {Davis, Martin and Putnam, Hilary},
    title = {A Computing Procedure for Quantification Theory},
    journal = {J. ACM},
    issue_date = {July 1960},
    volume = {7},
    number = {3},
    month = jul,
    year = {1960},
    issn = {0004-5411},
    pages = {201--215},
    numpages = {15},
    url = {http://doi.acm.org/10.1145/321033.321034},
    doi = {10.1145/321033.321034},
    acmid = {321034},
    publisher = {ACM},
    address = {New York, NY, USA},
} 

@article{DavisLongemannLoveland:1962,
    author = {Davis, Martin and Logemann, George and Loveland, Donald},
    title = {A Machine Program for Theorem-proving},
    journal = {Commun. ACM},
    issue_date = {July 1962},
    volume = {5},
    number = {7},
    month = jul,
    year = {1962},
    issn = {0001-0782},
    pages = {394--397},
    numpages = {4},
    url = {http://doi.acm.org/10.1145/368273.368557},
    doi = {10.1145/368273.368557},
    acmid = {368557},
    publisher = {ACM},
    address = {New York, NY, USA},
} 

@article{satchapter,
    title={Satisfiability solvers},
    author={Gomes, Carla P and Kautz, Henry and Sabharwal, Ashish and
        Selman, Bart},
    journal={Foundations of Artificial Intelligence},
    volume={3},
    pages={89--134},
    year={2008},
    publisher={Elsevier}
}

@book{casanova,
    title={Programa{\c{c}}{\~a}o em l{\'o}gica e a linguagem Prolog},
    author={Casanova, Marco A},
    year={1987},
    publisher={E. Blucher}
}

@inproceedings{areces2000tree,
    title={Tree-based heuristics in modal theorem proving},
    author={Areces, Carlos and Gennari, Rosella and Heguiabehere, Juan and
        De Rijke, Maarten},
    booktitle={Proceedings of the 14th European Conference on Artificial
        Intelligence},
    pages={199--203},
    year={2000},
    organization={IOS Press}
}
@Article{kripke:i,
    author =  "Saul A. Kripke",
    title = "Semantical analysis of modal logic {I}",
    journal = "Zeitschr. Math. Logik Grund. Math",
    volume =    "9",
    year =    "1963",
    pages = "67--96",
}

