@article{minisat,
    title={Minisat v1. 13-a sat solver with conflict-clause minimization},
    author={Sorensson, Niklas and Een, Niklas},
    journal={SAT},
    volume={2005},
    number={53},
    year={2005}
}
@article{glucose,
    title={GLUCOSE: a solver that predicts learnt clauses quality},
    author={Audemard, Gilles and Simon, Laurent},
    journal={SAT Competition},
    pages={7--8},
    year={2009}
}

@inproceedings{Nalon2016,
author="Nalon, Cl{\'a}udia
and Hustadt, Ullrich
and Dixon, Clare",
editor="Olivetti, Nicola
and Tiwari, Ashish",
title="KSP: A Resolution-Based Prover for Multimodal K    ",
bookTitle="Automated Reasoning: 8th International Joint Conference, IJCAR 2016, Coimbra, Portugal, June 27 -- July 2, 2016, Proceedings",
year="2016",
publisher="Springer International Publishing",
address="Cham",
pages="406--415",
isbn="978-3-319-40229-1",
doi="10.1007/978-3-319-40229-1_28",
url="http://dx.doi.org/10.1007/978-3-319-40229-1_28"
}

@inproceedings{een2003extensible,
    title={An extensible SAT-solver},
    author={E{\'e}n, Niklas and S{\"o}rensson, Niklas},
    booktitle={International conference on theory and applications of
        satisfiability testing},
    pages={502--518},
    year={2003},
    organization={Springer}
}
@inproceedings{chrabakh2003gridsat,
    title={GridSAT: A chaff-based distributed SAT solver for the grid},
    author={Chrabakh, Wahid and Wolski, Richard},
    booktitle={Supercomputing, 2003 ACM/IEEE Conference},
    pages={37--37},
    year={2003},
    organization={IEEE}
}

@misc{spass,
 title = {Automation of Logic: SPASS},
 author = {{The SPASS Team}},
 note   = {\url{http://www.spass-prover.org/}},
 year  = {2010}
}

@misc{eprover,
 author = {Schulz, Stephan},
 title  = {The {E} Theorem Prover},
 note   = {\url{http://wwwlehre.dhbw-stuttgart.de/~sschulz/E/E.html}},
 year   = {2013}
}


@Misc{hylores,
  title =	"{H}y{L}o{R}es: {A} Hybrid Logic Prover",
  author =	"Carlos Areces and Juan Heguiabehere",
  year = 	"2002",
  month =	sep # "~18",
  annote =	"Carlos Areces (Faculty of Science . University of
		 Amsterdam); Juan Heguiabehere (Faculty of Science .
		 University of Amsterdam);",
  bibsource =	"OAI-PMH server at cs1.ist.psu.edu",
  language =	"en",
  oai =  	"oai:CiteSeerPSU:619572",
  rights =	"unrestricted",
  URL =  	"http://citeseer.ist.psu.edu/619572.html;
		 http://turing.wins.uva.nl/~carlos/Papers/aiml2002-2.ps.gz",
}

@misc{vampire,
 title = {Vampire},
 author = {A. Voronkov},
 note   = {\url{http://www.vprover.org/index.cgi}},
}

@inproceedings{gutierrez2016metric,
    title={On Metric Temporal Description Logics.},
    author={Guti{\'e}rrez-Basulto, V{\'\i}ctor and Jung, Jean Christoph and
        Ozaki, Ana},
    booktitle={ECAI},
    pages={837--845},
    year={2016}
}
@inproceedings{wies2009combining,
    title={Combining theories with shared set operations},
    author={Wies, Thomas and Piskac, Ruzica and Kuncak, Viktor},
    booktitle={International Symposium on Frontiers of Combining Systems},
    pages={366--382},
    year={2009},
    organization={Springer}
}
@inproceedings{ghilardi2017interpolation,
    title={Interpolation, Amalgamation and Combination (The Non-disjoint
            Signatures Case)},
    author={Ghilardi, Silvio and Gianola, Alessandro},
    booktitle={International Symposium on Frontiers of Combining Systems},
    pages={316--332},
    year={2017},
    organization={Springer}
}

@article{Goetzmann+Kaminski+Smolka@ENTCS2010,
 author    = {Daniel G{\"{o}}tzmann and
              Mark Kaminski and
              Gert Smolka},
 title     = {Spartacus: {A} Tableau Prover for Hybrid Logic},
 journal   = {Electr. Notes Theor. Comput. Sci.},
 volume    = {262},
 pages     = {127--139},
 year      = {2010},
}
@inproceedings{audemard2014lazy,
    title={Lazy clause exchange policy for parallel SAT solvers},
    author={Audemard, Gilles and Simon, Laurent},
    booktitle={International Conference on Theory and Applications of
        Satisfiability Testing},
    pages={197--205},
    year={2014},
    organization={Springer}
}
@article{biere2016splatz,
    title={Splatz, lingeling, plingeling, treengeling, yalsat entering the sat
        competition 2016},
    author={Biere, Armin},
    journal={Proc. of SAT Competition},
    pages={44--45},
    year={2016}
}
@article{audemard2014glucose,
    title={Glucose in the SAT 2014 Competition},
    author={Audemard, Gilles and Simon, Laurent},
    journal={SAT COMPETITION 2014},
    pages={31},
    year={2014}
}
@article{sheini2006pueblo,
    title={Pueblo: A hybrid pseudo-boolean SAT solver},
    author={Sheini, Hossein M and Sakallah, Karem A},
    journal={Journal on Satisfiability, Boolean Modeling and Computation},
    volume={2},
    pages={165--189},
    year={2006}
}
@article{le2010sat4j,
    title={The sat4j library, release 2.2, system description},
    author={Le Berre, Daniel and Parrain, Anne},
    journal={Journal on Satisfiability, Boolean Modeling and Computation},
    volume={7},
    pages={59--64},
    year={2010}
}
